<?xml version="1.0" encoding="UTF-8"?><collection xmlns="http://www.loc.gov/MARC21/slim"><record><leader>00361nam--2200121-i-4500</leader><controlfield tag="001">000032469</controlfield><controlfield tag="002">20161230</controlfield><controlfield tag="005">20161230201039</controlfield><controlfield tag="008">060222s1000------------r-----000-0-eng-d</controlfield><datafield ind1=" " ind2=" " tag="100"><subfield code="a">Medgyessy, Pal</subfield></datafield><datafield ind1=" " ind2=" " tag="245"><subfield code="a">Decomposition of superpositions of distribution functions</subfield></datafield><datafield ind1=" " ind2=" " tag="260"><subfield code="a">Budapest, Publ.House Of The Hungarian Academy Of Sciences, 1961. 227p</subfield></datafield><datafield ind1=" " ind2=" " tag="852"><subfield code="a">8267</subfield></datafield></record></collection>